@book{AdvancedGI,
	title={Advanced global illumination},
	author={Dutr\'e, Philip and Bekaert, Philippe and Bala, Kavita},
	year={2006},
	publisher={CRC Press}
}
@book{motwani1995randomized,
	title={Randomized algorithms},
	author={Motwani, Rajeev and Raghavan, Prabhakar},
	year={1995},
	publisher={Chapman \& Hall/CRC}
}
@book{eisemann2011real,
	title={Real-time shadows},
	author={Eisemann, Elmar and Schwarz, Michael and Assarsson, Ulf and Wimmer, Michael},
	year={2011},
	publisher={CRC Press}
}
@book{MCMChandbook,
	title={Handbook of Markov Chain Monte Carlo},
	author={Brooks, Steve and Gelman, Andrew and Jones, Galin and Meng, Xiao-Li},
	year={2011},
	publisher={CRC press}
}
@book{MChandbook,
	title={Handbook of monte carlo methods},
	author={Kroese, Dirk P and Taimre, Thomas and Botev, Zdravko I},
	volume={706},
	year={2013},
	publisher={John Wiley \& Sons}
}
@book{PBRT3e,
	title = {Physically Based Rendering: From Theory to Implementation (3rd ed.)},
	author = {Matt Pharr and Wenzel Jakob and Greg Humphreys},
	year = {2016},
	edition = {3rd},
	publisher = {Morgan Kaufmann Publishers Inc.}
}
@inproceedings{williams1978SM,
	title={Casting curved shadows on curved surfaces},
	author={Williams, Lance},
	booktitle={ACM Siggraph Computer Graphics},
	volume={12},
	number={3},
	pages={270--274},
	year={1978},
	organization={ACM}
}
@inproceedings{whitted1979improved,
	title={An improved illumination model for shaded display},
	author={Whitted, Turner},
	booktitle={ACM SIGGRAPH Computer Graphics},
	volume={13},
	number={2},
	pages={14},
	year={1979},
	organization={ACM}
}
@inproceedings{cook1984distributed,
	title={Distributed ray tracing},
	author={Cook, Robert L and Porter, Thomas and Carpenter, Loren},
	booktitle={ACM SIGGRAPH Computer Graphics},
	volume={18},
	number={3},
	pages={137--145},
	year={1984},
	organization={ACM}
}
@inproceedings{kajiya1986rendering,
	title={The rendering equation},
	author={Kajiya, James T},
	booktitle={ACM Siggraph Computer Graphics},
	volume={20},
	number={4},
	pages={143--150},
	year={1986},
	organization={ACM}
}
@incollection{veach1995BDPT,
	title={Bidirectional estimators for light transport},
	author={Veach, Eric and Guibas, Leonidas},
	booktitle={Photorealistic Rendering Techniques},
	pages={145--167},
	year={1995},
	publisher={Springer}
}
@inproceedings{veach1995MIS,
	title={Optimally combining sampling techniques for Monte Carlo rendering},
	author={Veach, Eric and Guibas, Leonidas J},
	booktitle={Proceedings of the 22nd annual conference on Computer graphics and interactive techniques},
	pages={419--428},
	year={1995},
	organization={ACM}
}
@inproceedings{veach1997MLT,
	title={Metropolis light transport},
	author={Veach, Eric and Guibas, Leonidas J},
	booktitle={Proceedings of the 24th annual conference on Computer graphics and interactive techniques},
	pages={65--76},
	year={1997},
	organization={ACM Press/Addison-Wesley Publishing Co.}
}
@inproceedings{lafortune1993bi,
	title={Bi-directional path tracing},
	author={Lafortune, Eric P and Willems, Yves D},
	booktitle = { Proceedings of Third International Conference on Computational Graphics and Visualization Techniques (Compugraphics '93) },
	pages     = { 145--153 },
	year={1993}
}
@inproceedings{dutre1993lighttrace,
	author    = { Dutr\'e, Philip and Lafortune, Eric P. and Willems, Yves D. },
	title     = { Monte Carlo light tracing with direct computation of pixel intensities },
	booktitle = { 3rd International Conference on Computational Graphics and Visualisation Techniques },
	year      = { 1993 },
	pages     = { 128--137 }
}
@inproceedings{keller1997VPL,
	title={Instant radiosity},
	author={Keller, Alexander},
	booktitle={Proceedings of the 24th annual conference on Computer graphics and interactive techniques},
	pages={49--56},
	year={1997},
	organization={ACM Press/Addison-Wesley Publishing Co.}
}
@article{ward1988IC,
	title={A ray tracing solution for diffuse interreflection},
	author={Ward, Gregory J and Rubinstein, Francis M and Clear, Robert D},
	journal={ACM SIGGRAPH Computer Graphics},
	volume={22},
	number={4},
	pages={85--92},
	year={1988},
	publisher={ACM}
}
@inproceedings{ward1992irradiance,
	title={Irradiance gradients},
	author={Ward, Gregory J and Heckbert, Paul},
	booktitle={Third Eurographics Workshop on Rendering},
	volume={8598},
	year={1992}
}
@article{krivanek2005radiance,
	title={Radiance caching for efficient global illumination computation},
	author={Krivanek, Jaroslav and Gautron, Pascal and Pattanaik, Sumanta and Bouatouch, Kadi},
	journal={IEEE Transactions on Visualization and Computer Graphics},
	volume={11},
	number={5},
	pages={550--561},
	year={2005},
	publisher={IEEE}
}
@article{krivanek2006making,
	title={Making Radiance and Irradiance Caching Practical: Adaptive Caching and Neighbor Clamping.},
	author={Krivnek, Jaroslav and Bouatouch, Kadi and Pattanaik, Sumanta and Zara, Jiri},
	journal={Rendering Techniques},
	volume={2006},
	pages={127--138},
	year={2006}
}
@article{ritschel2008ISM,
	title={Imperfect shadow maps for efficient computation of indirect illumination},
	author={Ritschel, Tobias and Grosch, Thorsten and Kim, Min H and Seidel, H-P and Dachsbacher, Carsten and Kautz, Jan},
	journal={ACM Transactions on Graphics (TOG)},
	volume={27},
	number={5},
	pages={129},
	year={2008},
	publisher={ACM}
}
@inproceedings{dachsbacher2005RSM,
	title={Reflective shadow maps},
	author={Dachsbacher, Carsten and Stamminger, Marc},
	booktitle={Proceedings of the 2005 symposium on Interactive 3D graphics and games},
	pages={203--231},
	year={2005},
	organization={ACM}
}
@inproceedings{ritschel2011making,
	title={Making Imperfect Shadow Maps View-Adaptive: High-Quality Global Illumination in Large Dynamic Scenes},
	author={Ritschel, Tobias and Eisemann, Elmar and Ha, Inwoo and Kim, James DK and Seidel, Hans-Peter},
	booktitle={Computer Graphics Forum},
	volume={30},
	number={8},
	pages={2258--2269},
	year={2011},
	organization={Wiley Online Library}
}
@inproceedings{hollander2011ManyLODs,
	title={ManyLoDs: Parallel Many-View Level-of-Detail Selection for Real-Time Global Illumination},
	author={Hollander, Matthias and Ritschel, Tobias and Eisemann, Elmar and Boubekeur, Tamy},
	booktitle={Computer Graphics Forum},
	volume={30},
	number={4},
	pages={1233--1240},
	year={2011},
	organization={Wiley Online Library}
}
@inproceedings{clarberg2008VisCorrelation,
	title={Exploiting visibility correlation in direct illumination},
	author={Clarberg, Petrik and Akenine-Moller, Tomas},
	booktitle={Computer Graphics Forum},
	volume={27},
	number={4},
	pages={1125--1136},
	year={2008},
	organization={Wiley Online Library}
}
@inproceedings{popov2013adaptive,
	title={Adaptive quantization visibility caching},
	author={Popov, Stefan and Georgiev, Iliyan and Slusallek, Philipp and Dachsbacher, Carsten},
	booktitle={Computer Graphics Forum},
	volume={32},
	number={2pt4},
	pages={399--408},
	year={2013},
	organization={Wiley Online Library}
}
@inproceedings{ulbrich2013progressive,
	title={Progressive Visibility Caching for Fast Indirect Illumination},
	author={Ulbrich, Justus and Novak, Jan and Rehfeld, Hauke and Dachsbacher, Carsten},
	booktitle = {Proceedings of International Workshop on Vision, Modeling, and Visualization},
	year = {2013},
	numpages = {8}
}
@article{von2016efficient,
	title={Efficient Stochastic Rendering of Static and Animated Volumes using Visibility Sweeps},
	author={von Radziewsky, Philipp and Kroes, Thomas and Eisemann, Martin and Eisemann, Elmar},
	journal={IEEE Transactions on Visualization and Computer Graphics},
	year={2016},
	publisher={IEEE}
}
@article{jensen1995photon,
	title={Photon maps in bidirectional Monte Carlo ray tracing of complex objects},
	author={Jensen, Henrik Wann and Christensen, Niels J{\o}rgen},
	journal={Computers \& Graphics},
	volume={19},
	number={2},
	pages={215--224},
	year={1995},
	publisher={Elsevier}
}
@incollection{jensen1995importance,
	title={Importance driven path tracing using the photon map},
	author={Jensen, Henrik Wann},
	booktitle={Rendering Techniques 95},
	pages={326--335},
	year={1995},
	publisher={Springer}
}
@article{hachisuka2008progressive,
	title={Progressive photon mapping},
	author={Hachisuka, Toshiya and Ogaki, Shinji and Jensen, Henrik Wann},
	journal={ACM Transactions on Graphics (TOG)},
	volume={27},
	number={5},
	pages={130},
	year={2008},
	publisher={ACM}
}
@article{knaus2011progressive,
	title={Progressive photon mapping: A probabilistic approach},
	author={Knaus, Claude and Zwicker, Matthias},
	journal={ACM Transactions on Graphics (TOG)},
	volume={30},
	number={3},
	pages={25},
	year={2011},
	publisher={ACM}
}
@inproceedings{SPPM,
	author = {Hachisuka, Toshiya and Jensen, Henrik Wann},
	title = {Stochastic Progressive Photon Mapping},
	booktitle = {ACM SIGGRAPH Asia 2009 Papers},
	series = {SIGGRAPH Asia '09},
	year = {2009},
	pages = {141:1--141:8},
	publisher = {ACM},
}
@article{christensen1999faster,
	title={Faster photon map global illumination},
	author={Christensen, Per H},
	journal={Journal of graphics tools},
	volume={4},
	number={3},
	pages={1--10},
	year={1999},
	publisher={Taylor \& Francis}
}
@inproceedings{georgiev2010simple,
	title={Simple and Robust Iterative Importance Sampling of Virtual Point Lights.},
	author={Georgiev, Iliyan and Slusallek, Philipp},
	booktitle={Eurographics (Short Papers)},
	pages={57--60},
	year={2010}
}
@inproceedings{georgiev2012importance,
	title={Importance caching for complex illumination},
	author={Georgiev, Iliyan and Krivanek, Jaroslav and Popov, Stefan and Slusallek, Philipp},
	booktitle={Computer Graphics Forum},
	volume={31},
	number={2pt3},
	pages={701--710},
	year={2012},
	organization={Wiley Online Library}
}
@inproceedings{bashford2012significance,
	title={A significance cache for accelerating global illumination},
	author={Bashford-Rogers, Thomas and Debattista, Kurt and Chalmers, Alan},
	booktitle={Computer Graphics Forum},
	volume={31},
	number={6},
	pages={1837--1851},
	year={2012},
	organization={Wiley Online Library}
}
@inproceedings{dachsbacher2014scalable,
	title={Scalable Realistic Rendering with Many-Light Methods},
	author={Dachsbacher, Carsten and K{\v{r}}iv{\'a}nek, Jaroslav and Ha{\v{s}}an, Milo{\v{s}} and Arbree, Adam and Walter, Bruce and Nov{\'a}k, Jan},
	booktitle={Computer Graphics Forum},
	volume={33},
	number={1},
	pages={88--104},
	year={2014},
	organization={Wiley Online Library}
}
@inproceedings{popov2015probabilistic,
	title={Probabilistic connections for bidirectional path tracing},
	author={Popov, Stefan and Ramamoorthi, Ravi and Durand, Fredo and Drettakis, George},
	booktitle={Computer Graphics Forum},
	volume={34},
	number={4},
	pages={75--86},
	year={2015},
	organization={Wiley Online Library}
}
@article{hachisuka2012path,
	title={A path space extension for robust light transport simulation},
	author={Hachisuka, Toshiya and Pantaleoni, Jacopo and Jensen, Henrik Wann},
	journal={ACM Transactions on Graphics (TOG)},
	volume={31},
	number={6},
	pages={191},
	year={2012},
	publisher={ACM}
}
@article{georgiev2012light,
	title={Light transport simulation with vertex connection and merging.},
	author={Georgiev, Iliyan and Kriv{\'a}nek, Jaroslav and Davidovic, Tomas and Slusallek, Philipp},
	journal={ACM Trans. Graph.},
	volume={31},
	number={6},
	pages={192},
	year={2012},
	publisher={Citeseer}
}
@article{vsik2016robust,
	title={Robust light transport simulation via metropolised bidirectional estimators},
	author={{\v{S}}ik, Martin and Otsu, Hisanari and Hachisuka, Toshiya and K{\v{r}}iv{\'a}nek, Jaroslav},
	journal={ACM Transactions on Graphics (TOG)},
	volume={35},
	number={6},
	pages={245},
	year={2016},
	publisher={ACM}
}
@incollection{jensen1996global,
	title={Global illumination using photon maps},
	author={Jensen, Henrik Wann},
	booktitle={Rendering Techniques 96},
	pages={21--30},
	year={1996},
	publisher={Springer}
}
@inproceedings{smits2005efficiency,
	title={Efficiency issues for ray tracing},
	author={Smits, Brian},
	booktitle={ACM SIGGRAPH 2005 Courses},
	pages={6},
	year={2005},
	organization={ACM}
}
@techreport{georgiev2012implementing,
	title={Implementing vertex connection and merging},
	author={Georgiev, Iliyan},
	year={2012},
	institution={Tech. rep., Saarland University, 2012. 11}
}
@phdthesis{veach1997robust,
	title={Robust monte carlo methods for light transport simulation},
	author={Veach, Eric},
	year={1997},
	school={Stanford University}
}
@online{solidAngleDerivation,
	author = {Zhen Lin},
	title = {How to deduce the area of sphere in polar coordinates},
	date = {2011-11-17},
	url = {math.stackexchange.com/questions/17850}
}